<record><leader>00000cas a22000007a 4500</leader><controlfield tag="001">14950487</controlfield><controlfield tag="008">861210d19161919inudn ne      0    0eng d</controlfield><datafield ind1=" " ind2=" " tag="010"><subfield code="a">sn 86059103 </subfield></datafield><datafield ind1=" " ind2=" " tag="040"><subfield code="a">NPI</subfield><subfield code="b">eng</subfield><subfield code="c">NPI</subfield><subfield code="d">OCLCQ</subfield><subfield code="d">IUL</subfield><subfield code="d">OCLCF</subfield></datafield><datafield ind1=" " ind2=" " tag="042"><subfield code="a">msc</subfield></datafield><datafield ind1=" " ind2=" " tag="043"><subfield code="a">n-us-in</subfield></datafield><datafield ind1="0" ind2=" " tag="130"><subfield code="a">Lafayette courier (Lafayette, Ind. : Daily)</subfield></datafield><datafield ind1="1" ind2="4" tag="245"><subfield code="a">The Lafayette courier.</subfield></datafield><datafield ind1=" " ind2=" " tag="260"><subfield code="a">Lafayette, Ind. :</subfield><subfield code="b">M.M. Mayerstein,</subfield><subfield code="c">1916-1919.</subfield></datafield><datafield ind1=" " ind2=" " tag="300"><subfield code="a">volumes</subfield></datafield><datafield ind1=" " ind2=" " tag="310"><subfield code="a">Daily (except Sun.)</subfield></datafield><datafield ind1="0" ind2=" " tag="362"><subfield code="a">65th year, no. 145 (Aug. 28, 1916)-68th year, no. 254 (Dec. 31, 1919).</subfield></datafield><datafield ind1=" " ind2=" " tag="580"><subfield code="a">Weekly ed.: Lafayette weekly courier.</subfield></datafield><datafield ind1=" " ind2="0" tag="651"><subfield code="a">Lafayette (Ind.)</subfield><subfield code="v">Newspapers.</subfield></datafield><datafield ind1=" " ind2="0" tag="651"><subfield code="a">Tippecanoe County (Ind.)</subfield><subfield code="v">Newspapers.</subfield></datafield><datafield ind1=" " ind2="7" tag="651"><subfield code="a">Indiana</subfield><subfield code="z">Lafayette.</subfield><subfield code="2">fast</subfield><subfield code="0">(OCoLC)fst01204553</subfield></datafield><datafield ind1=" " ind2="7" tag="651"><subfield code="a">Indiana</subfield><subfield code="z">Tippecanoe County.</subfield><subfield code="2">fast</subfield><subfield code="0">(OCoLC)fst01213782</subfield></datafield><datafield ind1=" " ind2="7" tag="655"><subfield code="a">Newspapers.</subfield><subfield code="2">fast</subfield><subfield code="0">(OCoLC)fst01423814</subfield></datafield><datafield ind1=" " ind2=" " tag="752"><subfield code="a">United States</subfield><subfield code="b">Indiana</subfield><subfield code="c">Tippecanoe</subfield><subfield code="d">Lafayette.</subfield></datafield><datafield ind1="1" ind2=" " tag="775"><subfield code="t">Lafayette weekly courier</subfield><subfield code="w">(DLC)sn 84023984</subfield><subfield code="w">(OCoLC)11105878</subfield></datafield><datafield ind1="0" ind2="0" tag="780"><subfield code="t">Lafayette daily courier</subfield><subfield code="w">(DLC)sn 83025615</subfield><subfield code="w">(OCoLC)9656364</subfield></datafield><datafield ind1="0" ind2="7" tag="785"><subfield code="t">Lafayette journal</subfield><subfield code="w">(DLC)sn 86059102</subfield><subfield code="w">(OCoLC)14950483</subfield></datafield><datafield ind1="0" ind2="7" tag="785"><subfield code="t">Lafayette journal and courier</subfield><subfield code="w">(DLC)sn 86059236</subfield><subfield code="w">(OCoLC)8517303</subfield></datafield></record>